@article{greenwade93,
    author  = "George D. Greenwade",
    title   = "The {C}omprehensive {T}ex {A}rchive {N}etwork ({CTAN})",
    year    = "1993",
    journal = "TUGBoat",
    volume  = "14",
    number  = "3",
    pages   = "342--351"
}
@article{ozbay2022aggression,
  title={Transformatör-Tabanlı Evrişimli Sinir Ağı Modeli Kullanarak Twitter Verisinde Saldırganlık Tespiti},
  author={Erdal Özbay},
  journal={Konya Mühendislik Bilimleri Dergisi},
  volume={10},
  number={4},
  pages={986--1001},
  year={2022},
  publisher={Fırat Üniversitesi, Mühendislik Fakültesi, Bilgisayar Mühendisliği Bölümü},
  doi={10.36306/konjes.1061807}
}
@article{cong2024transformer,
  title={Comprehensive review of Transformer-based models in neuroscience, neurology, and psychiatry},
  author={Cong, Shan and Wang, Hang and Zhou, Yang and Wang, Zheng and Yao, Xiaohui and Yang, Chunsheng},
  journal={Brain-X},
  volume={2},
  pages={e57},
  year={2024},
  publisher={John Wiley \& Sons Australia, Ltd},
  doi={10.1002/brx2.57}
}


